% Encoding: UTF-8

@Misc{hid-sp18-405-tutorial-avro-doc,
  title        = {Apache Avro 1.8.2 Documentation},
  author  =  {{Apache Avro}},
  howpublished = {webpage},
  month        = feb,
  year         = {2017},
  note         = {accessed: 2018-3-23},
  owner        = {hid-sp18-405},
  url          = { http://avro.apache.org/docs/1.8.2/index.html},
}

@Misc{hid-sp18-405-tutorial-avro-python,
  title        = {Apache Avro 1.8.2 Getting Started (Python)},
  author  =  {{Apache Avro}},
  howpublished = {webpage},
  month        = feb,
  year         = {2017},
  note         = {accessed: 2018-3-23},
  owner        = {hid-sp18-405},
  url          = { http://avro.apache.org/docs/1.8.2/gettingstartedpython.html},
}

@Misc{hid-sp18-405-tutorial-dockerhub-overview,
  title        = {Overview of Docker Hub},
  author  =  {{Docker}},
  howpublished = {webpage},
  month        = mar,
  year         = {2018},
  note         = {accessed: 2018-3-26},
  owner        = {hid-sp18-405},
  url          = { https://docs.docker.com/docker-hub/},
}

@Misc{hid-sp18-405-tutorial-dockerhub-blog-use,
  title        = {How to Use DockerHub},
  author  =  {Bhartiya, Swapnil},
  howpublished = {blog},
  month        = jan,
  year         = {2018},
  note         = {accessed: 2018-3-26},
  owner        = {hid-sp18-405},
  url          = { https://www.linux.com/blog/learn/intro-to-linux/2018/1/how-use-dockerhub},
}

@Misc{hid-sp18-405-tutorial-dockerhub-repository,
  title        = {Repositories on Docker Hub},
  author  =  {{Docker}},
  howpublished = {webpage},
  month        = mar,
  year         = {2018},
  note         = {accessed: 2018-3-26},
  owner        = {hid-sp18-405},
  url          = { https://docs.docker.com/docker-hub/repos/},
}

@Comment{jabref-meta: databaseType:bibtex;}
